<?xml version="1.0" encoding="UTF-8"?><record xmlns="http://www.loc.gov/MARC21/slim" xmlns:cinclude="http://apache.org/cocoon/include/1.0" xmlns:zs="http://www.loc.gov/zing/srw/">
  <leader>01645nz  a2200265n  4500</leader>
  <controlfield tag="001">no2015153129</controlfield>
  <controlfield tag="003">DLC</controlfield>
  <controlfield tag="005">20151117073550.0</controlfield>
  <controlfield tag="008">151116n| azannaabn          |a aaa     c</controlfield>
  <datafield tag="010" ind1=" " ind2=" ">
    <subfield code="a">no2015153129</subfield>
  </datafield>
  <datafield tag="035" ind1=" " ind2=" ">
    <subfield code="a">(OCoLC)oca10322312</subfield>
  </datafield>
  <datafield tag="040" ind1=" " ind2=" ">
    <subfield code="a">UOr</subfield>
    <subfield code="b">eng</subfield>
    <subfield code="e">rda</subfield>
    <subfield code="c">UOr</subfield>
  </datafield>
  <datafield tag="100" ind1="0" ind2=" ">
    <subfield code="a">Cubworld</subfield>
    <subfield code="c">(Vocalist)</subfield>
  </datafield>
  <datafield tag="370" ind1=" " ind2=" ">
    <subfield code="a">Samoa</subfield>
    <subfield code="f">Tonga</subfield>
    <subfield code="f">Laie (Hawaii)</subfield>
    <subfield code="e">Lehi (Utah)</subfield>
    <subfield code="f">Provo (Utah)</subfield>
    <subfield code="2">naf</subfield>
  </datafield>
  <datafield tag="372" ind1=" " ind2=" ">
    <subfield code="a">Singing</subfield>
    <subfield code="a">Composition (Music)</subfield>
    <subfield code="2">lcsh</subfield>
  </datafield>
  <datafield tag="373" ind1=" " ind2=" ">
    <subfield code="a">Brigham Young University</subfield>
    <subfield code="2">naf</subfield>
  </datafield>
  <datafield tag="374" ind1=" " ind2=" ">
    <subfield code="a">Singers</subfield>
    <subfield code="a">Composers</subfield>
    <subfield code="2">lcsh</subfield>
  </datafield>
  <datafield tag="400" ind1="1" ind2=" ">
    <subfield code="a">Kongaika, Jake</subfield>
  </datafield>
  <datafield tag="400" ind1="1" ind2=" ">
    <subfield code="a">Kongaika, Jacob E.</subfield>
  </datafield>
  <datafield tag="670" ind1=" " ind2=" ">
    <subfield code="a">Step lightly, create out loud, 2007:</subfield>
    <subfield code="b">disc label (Cubworld)</subfield>
  </datafield>
  <datafield tag="670" ind1=" " ind2=" ">
    <subfield code="a">Wikipedia.org, via WWW, 22 October 2015:</subfield>
    <subfield code="b">(Cubworld (real name: Jake Kongaika) is a Hawaiian singer-songwriter and one of the first three artists to release their CD on the music website Sellaband with the raised US$50,000.)</subfield>
  </datafield>
  <datafield tag="670" ind1=" " ind2=" ">
    <subfield code="a">youtube.com/user/cubworld, via WWW, 22 October 2015:</subfield>
    <subfield code="b">(My name is Jake and I'm a singer song writer. I was born in Samoa, raised in Tonga and Hawaii. I now live in Utah.)</subfield>
  </datafield>
  <datafield tag="670" ind1=" " ind2=" ">
    <subfield code="a">facebook.com, via WWW, 22 October 2015:</subfield>
    <subfield code="b">(Cubworld; hometown: Laie Hawaii)</subfield>
  </datafield>
  <datafield tag="670" ind1=" " ind2=" ">
    <subfield code="a">linkedin.com, via WWW, 22 October 2015:</subfield>
    <subfield code="b">(Jacob Kongaika; greater Salt Lake City area; Owner/Designer, Create Out Loud. Create Out Loud is a graphic design company that specializes in front end web design, logo creation, illustration, print and web graphics, video production, music production. Musician: Cubworld; education: Brigham Young University, BA, Fine Arts, 2001-2006)</subfield>
  </datafield>
  <datafield tag="670" ind1=" " ind2=" ">
    <subfield code="a">whitepages.com, via WWW, 22 October 2015:</subfield>
    <subfield code="b">(Jacob E. Kongaika, Lehi, Utah)</subfield>
  </datafield>
</record>